{
  "leader": "02844cam a2200517 i 4500",
  "fields": [
    {
      "001": "ocm00819521\\"
    },
    {
      "003": "OCoLC"
    },
    {
      "005": "20221221172111.0"
    },
    {
      "008": "740221s1973\\\\\\\\nyua\\\\\\\\\\bc\\\\\\000\\0\\eng\\\\"
    },
    {
      "010": {
        "ind1": "\\",
        "ind2": "\\",
        "subfields": [
          {
            "a": "   72095078 "
          }
        ]
      }
    },
    {
      "040": {
        "ind1": "\\",
        "ind2": "\\",
        "subfields": [
          {
            "a": "DLC"
          },
          {
            "b": "eng"
          },
          {
            "e": "rda"
          },
          {
            "c": "DLC"
          },
          {
            "d": "MUQ"
          },
          {
            "d": "BTCTA"
          },
          {
            "d": "YDXCP"
          },
          {
            "d": "ZWZ"
          },
          {
            "d": "UKTTE"
          },
          {
            "d": "UKMGB"
          },
          {
            "d": "EUM"
          },
          {
            "d": "GBVCP"
          },
          {
            "d": "OCLCO"
          },
          {
            "d": "OCLCF"
          },
          {
            "d": "OCLCQ"
          },
          {
            "d": "OCLCO"
          },
          {
            "d": "OCLCQ"
          },
          {
            "d": "NMC"
          },
          {
            "d": "OCLCQ"
          },
          {
            "d": "TYC"
          },
          {
            "d": "CNO"
          },
          {
            "d": "TFW"
          },
          {
            "d": "UKOBU"
          },
          {
            "d": "OCLCQ"
          },
          {
            "d": "CSA"
          },
          {
            "d": "XFF"
          },
          {
            "d": "FQG"
          },
          {
            "d": "CPS"
          },
          {
            "d": "CPO"
          },
          {
            "d": "JDP"
          },
          {
            "d": "HDC"
          },
          {
            "d": "AU@"
          },
          {
            "d": "OCLCO"
          },
          {
            "d": "OCLCQ"
          },
          {
            "d": "OCL"
          },
          {
            "d": "OCLCO"
          },
          {
            "d": "CBA"
          },
          {
            "d": "OCLCO"
          },
          {
            "d": "OCLCQ"
          },
          {
            "d": "VVB"
          },
          {
            "d": "ZQC"
          },
          {
            "d": "OCLCQ"
          },
          {
            "d": "OCLCO"
          },
          {
            "d": "P4Q"
          },
          {
            "d": "OCLCO"
          }
        ]
      }
    },
    {
      "016": {
        "ind1": "7",
        "ind2": "\\",
        "subfields": [
          {
            "a": "013845020"
          },
          {
            "2": "Uk"
          }
        ]
      }
    },
    {
      "019": {
        "ind1": "\\",
        "ind2": "\\",
        "subfields": [
          {
            "a": "853820"
          },
          {
            "a": "318311070"
          },
          {
            "a": "1008469640"
          },
          {
            "a": "1082410346"
          },
          {
            "a": "1127803106"
          },
          {
            "a": "1169994730"
          },
          {
            "a": "1200995922"
          },
          {
            "a": "1201019511"
          },
          {
            "a": "1201865606"
          },
          {
            "a": "1201995190"
          },
          {
            "a": "1202024295"
          }
        ]
      }
    },
    {
      "020": {
        "ind1": "\\",
        "ind2": "\\",
        "subfields": [
          {
            "a": "087070463X"
          }
        ]
      }
    },
    {
      "020": {
        "ind1": "\\",
        "ind2": "\\",
        "subfields": [
          {
            "a": "9780870704635"
          }
        ]
      }
    },
    {
      "020": {
        "ind1": "\\",
        "ind2": "\\",
        "subfields": [
          {
            "a": "0870704621"
          },
          {
            "q": "(pbk.)"
          }
        ]
      }
    },
    {
      "020": {
        "ind1": "\\",
        "ind2": "\\",
        "subfields": [
          {
            "a": "9780870704628"
          },
          {
            "q": "(pbk.)"
          }
        ]
      }
    },
    {
      "035": {
        "ind1": "\\",
        "ind2": "\\",
        "subfields": [
          {
            "a": "(OCoLC)819521"
          },
          {
            "z": "(OCoLC)853820"
          },
          {
            "z": "(OCoLC)318311070"
          },
          {
            "z": "(OCoLC)1008469640"
          },
          {
            "z": "(OCoLC)1082410346"
          },
          {
            "z": "(OCoLC)1127803106"
          },
          {
            "z": "(OCoLC)1169994730"
          },
          {
            "z": "(OCoLC)1200995922"
          },
          {
            "z": "(OCoLC)1201019511"
          },
          {
            "z": "(OCoLC)1201865606"
          },
          {
            "z": "(OCoLC)1201995190"
          },
          {
            "z": "(OCoLC)1202024295"
          }
        ]
      }
    },
    {
      "043": {
        "ind1": "\\",
        "ind2": "\\",
        "subfields": [
          {
            "a": "n-us-ny"
          }
        ]
      }
    },
    {
      "050": {
        "ind1": "0",
        "ind2": "0",
        "subfields": [
          {
            "a": "N7113.M54"
          },
          {
            "b": "R82 1973"
          }
        ]
      }
    },
    {
      "082": {
        "ind1": "0",
        "ind2": "0",
        "subfields": [
          {
            "a": "709.24"
          },
          {
            "b": "RUB"
          }
        ]
      }
    },
    {
      "100": {
        "ind1": "1",
        "ind2": "\\",
        "subfields": [
          {
            "a": "Rubin, William,"
          },
          {
            "d": "1927-2006."
          }
        ]
      }
    },
    {
      "245": {
        "ind1": "1",
        "ind2": "0",
        "subfields": [
          {
            "a": "Miro in the collection of the Museum of Modern Art :"
          },
          {
            "b": "including remainder-interest and promised gifts /"
          },
          {
            "c": "William Rubin."
          }
        ]
      }
    },
    {
      "264": {
        "ind1": "\\",
        "ind2": "1",
        "subfields": [
          {
            "a": "New York :"
          },
          {
            "b": "Museum of Modern Art,"
          },
          {
            "c": "[1973]"
          }
        ]
      }
    },
    {
      "264": {
        "ind1": "\\",
        "ind2": "4",
        "subfields": [
          {
            "c": "\u00a91973"
          }
        ]
      }
    },
    {
      "300": {
        "ind1": "\\",
        "ind2": "\\",
        "subfields": [
          {
            "a": "139 pages :"
          },
          {
            "b": "illustrations (some color) ;"
          },
          {
            "c": "25 cm"
          }
        ]
      }
    },
    {
      "336": {
        "ind1": "\\",
        "ind2": "\\",
        "subfields": [
          {
            "a": "text"
          },
          {
            "b": "txt"
          },
          {
            "2": "rdacontent"
          }
        ]
      }
    },
    {
      "337": {
        "ind1": "\\",
        "ind2": "\\",
        "subfields": [
          {
            "a": "unmediated"
          },
          {
            "b": "n"
          },
          {
            "2": "rdamedia"
          }
        ]
      }
    },
    {
      "338": {
        "ind1": "\\",
        "ind2": "\\",
        "subfields": [
          {
            "a": "volume"
          },
          {
            "b": "nc"
          },
          {
            "2": "rdacarrier"
          }
        ]
      }
    },
    {
      "504": {
        "ind1": "\\",
        "ind2": "\\",
        "subfields": [
          {
            "a": "Includes bibliographical references."
          }
        ]
      }
    },
    {
      "520": {
        "ind1": "\\",
        "ind2": "\\",
        "subfields": [
          {
            "a": "Published as a tribute to Miro on his eightieth birthday, 140p. 64 illustrations (22 in color). 71 reference illustrations. 2 foldouts. Illustrates the most important and comprehensive public collection of Miro\"s work in the world. Each of the paintings, sculptures, drawings, collages, and objects in the MOMAs collection is illustrated and discussed."
          }
        ]
      }
    },
    {
      "600": {
        "ind1": "1",
        "ind2": "0",
        "subfields": [
          {
            "a": "Miro\u0301, Joan,"
          },
          {
            "d": "1893-1983."
          }
        ]
      }
    },
    {
      "610": {
        "ind1": "2",
        "ind2": "0",
        "subfields": [
          {
            "a": "Museum of Modern Art (New York, N.Y.)"
          }
        ]
      }
    },
    {
      "650": {
        "ind1": "\\",
        "ind2": "2",
        "subfields": [
          {
            "a": "Warfare"
          }
        ]
      }
    },
    {
      "651": {
        "ind1": "\\",
        "ind2": "2",
        "subfields": [
          {
            "a": "United States"
          }
        ]
      }
    },
    {
      "600": {
        "ind1": "1",
        "ind2": "7",
        "subfields": [
          {
            "a": "Miro\u0301, Joan,"
          },
          {
            "d": "1893-1983."
          },
          {
            "2": "fast"
          },
          {
            "0": "(OCoLC)fst00033442"
          }
        ]
      }
    },
    {
      "610": {
        "ind1": "2",
        "ind2": "7",
        "subfields": [
          {
            "a": "Museum of Modern Art (New York, N.Y.)"
          },
          {
            "2": "fast"
          },
          {
            "0": "(OCoLC)fst00530348"
          }
        ]
      }
    },
    {
      "655": {
        "ind1": "\\",
        "ind2": "2",
        "subfields": [
          {
            "a": "Catalog"
          }
        ]
      }
    },
    {
      "655": {
        "ind1": "\\",
        "ind2": "7",
        "subfields": [
          {
            "a": "Catalogs."
          },
          {
            "2": "fast"
          },
          {
            "0": "(OCoLC)fst01423692"
          }
        ]
      }
    },
    {
      "655": {
        "ind1": "\\",
        "ind2": "7",
        "subfields": [
          {
            "a": "Catalogs."
          },
          {
            "2": "lcgft"
          }
        ]
      }
    },
    {
      "700": {
        "ind1": "1",
        "ind2": "\\",
        "subfields": [
          {
            "a": "Miro\u0301, Joan,"
          },
          {
            "d": "1893-1983."
          }
        ]
      }
    },
    {
      "710": {
        "ind1": "2",
        "ind2": "\\",
        "subfields": [
          {
            "a": "Museum of Modern Art (New York, N.Y.)"
          }
        ]
      }
    },
    {
      "776": {
        "ind1": "0",
        "ind2": "8",
        "subfields": [
          {
            "i": "Online version:"
          },
          {
            "a": "Rubin, William Stanley."
          },
          {
            "t": "Miro in the collection of the Museum of Modern Art, including remainder-interest and promised gifts."
          },
          {
            "d": "New York, Museum of Modern Art; distributed by New York Graphic Society, Greenwich, Conn. [1973]"
          },
          {
            "w": "(OCoLC)562896143"
          }
        ]
      }
    },
    {
      "994": {
        "ind1": "\\",
        "ind2": "\\",
        "subfields": [
          {
            "a": "Z0"
          },
          {
            "b": "NYRVC"
          }
        ]
      }
    },
    {
      "948": {
        "ind1": "\\",
        "ind2": "\\",
        "subfields": [
          {
            "h": "NO HOLDINGS IN NYRVC - 685 OTHER HOLDINGS"
          }
        ]
      }
    },
    {
      "999": {
        "ind1": "\\",
        "ind2": "\\",
        "subfields": [
          {
            "a": "00000000010429"
          }
        ]
      }
    }
  ]
}